@article{crippadosresmeta2016,
   title = {Multivariate dose-response meta-analysis: The {dosresmeta} {R} Package},
   author = {Alessio Crippa and Nicola Orsini},
   journal = {Journal of statistical software, Code Snippets},
   year = {2016},
   volume = {72},
   number = {1},
   pages = {1--15},
   doi = {10.18637/jss.v072.c01},
}
 
@article{discacciati2015goodness,
  title={Goodness of fit tools for dose--response meta-analysis of binary outcomes},
  author={Discacciati, Andrea and Crippa, Alessio and Orsini, Nicola},
  journal={Research synthesis methods},
  year={2015},
  publisher={Wiley Online Library}
}

@article{crippa2016new,
  title={A new measure of between-studies heterogeneity in meta-analysis},
  author={Crippa, Alessio and Khudyakov, Polyna and Wang, Molin and Orsini, Nicola and Spiegelman, Donna},
  journal={Statistics in medicine},
  volume={35},
  number={21},
  pages={3661--3675},
  year={2016},
  publisher={Wiley Online Library}
}

@article{crippa2018pointwise,
  title={A pointwise approach to dose-response meta-analysis of aggregated data},
  author={Crippa, Alessio and Thomas, Ilias and Orsini, Nicola},
  journal={Submitted},
  volume={},
  number={},
  pages={},
  year={2018},
  publisher={}
}

@article{crippa2018one,
  title={One-stage dose--response meta-analysis for aggregated data},
  author={Crippa, Alessio and Discacciati, Andrea and Bottai, Matteo and Spiegelman, Donna and Orsini, Nicola},
  journal={Manuscript},
  volume={},
  number={},
  pages={},
  year={2018},
  publisher={}
}

